%============ Bibliography Syntaxe ============%
%      Just follow examples written below      %
%==============================================%

‌% apa7

@online{veritis2024,
    author       = {Veritis Group},
    title        = {CI CD Services – Integrate and Automate DevOps Solutions},
    year         = 2024,
    month        = jun,
    day          = 10,
    url          = {https://www.veritis.com/blog/ci-cd-services-integrate-and-automate-devops/},
    urldate      = {2024-06-10},
}


@article{Kadima2024,
  author    = {Kadima, S.},
  title     = {IAC: Terraform Vs Ansible. Which one should you use?},
  journal   = {Medium},
  year      = {2024},
  month     = {January 2},
  url       = {https://medium.com/@kadimasam/iac-terraform-vs-ansible-which-one-should-you-use-56c374dae5a2}
}


@online{strauss2020,
    author       = {A. Strauss},
    title        = {Conteneurs : avantages et inconvénients de la conteneurisation},
    year         = 2020,
    month        = {August 31},
    url          = {https://www.hebergeurcloud.com/conteneurs-avantages-inconvenients/}
}




@online{samarakoon2023,
    author       = {Ayeshwery Samarakoon},
    title        = {Virtualization - AyeshwerySamarakoon - Medium},
    year         = 2023,
    month        = {October 16},
    url          = {https://medium.com/@ayeshwery/virtualization-6362dd17b338}
}


@online{spacelift2024,
    author       = {Spacelift},
    title        = {Terraform vs. Ansible: Differences and Comparison of Tools},
    year         = 2024,
    url          = {https://spacelift.io/blog/ansible-vs-terraform}
}
‌

@online{Kaczor2017,
  author    = {Kaczor, K.},
  title     = {Czym jest Scrum? | QAgile - Jakość w Agile},
  year      = {2017},
  month     = mar,
  day       = {14},
  url       = {https://www.qagile.pl/blog/scrum-opis/},

}

@online{crochetdamais2019,
    author = {Crochet-Damais, Antoine.},
    title = {DevOps : maîtrisez la démarche, des outils au métier},
    year = {2019},
    month = {6 Septembre},
    url = {https://www.journaldunet.fr/web-tech/guide-de-l-entreprise-digitale/1443818-devops/},
}

@online{kim2022,
    author = {Chung Seop, Kim.},
    title = {[Tech Series 4] Reasons to Start DevOps Right Now - INFCON 2022},
    year = {2022},
    url = {https://infcon.day/%EC%8A%A4%ED%86%A0%EB%A6%AC-devops/},
}

@online{pennington2019,
    author = {Pennington, James.},
    title = {The Eight Phases of a DevOps Pipeline},
    year = {2019},
    month = {18 Juillet},
    url = {https://medium.com/taptuit/the-eight-phases-of-a-devops-pipeline-fda53ec9bba},
}

@online{zaitsev2022,
  author       = {Zaitsev, Konstantin.},
  year         = {2022},
  title        = {Building a data engineering project. Part 4 — exploring CI/CD landscape},
  url          = {https://medium.com/@metanote/building-a-data-engineering-project-part-4-exploring-ci-cd-landscape-bonus-a78b8344ca16},
}

@online{moronval2020,
    author = {Moronval, Christine},
    title = {DevOps : implémentation d’un CI/CD},
    year = {2020},
    month = {18 Novembre},
    url = {https://www.softfluent.fr/blog/devops-implementation-ci-cd/},
}

@online{crochetdamais2023,
    author = {Crochet-Damais, Antoine.},
    title = {CI/CD : tout savoir sur l’intégration et la livraison continues},
    year = {2023},
    month = {23 février},
    url = {https://www.journaldunet.fr/web-tech/guide-de-l-entreprise-digitale/1499165-ci-cd-tout-savoir-sur-l-integration-et-la-livraison-continues/},
}

@article{roquilly2020,
  author = {Roquilly, Lucas.},
  title = {Tests Unitaires: Que sont-ils et comment les implémenter ?},
  year = {2020},
  month = {6 Octobre},
  url = {https://welovedevs.com/fr/articles/tests-unitaires/},
}


@article{omeri2021hands,
  author = {Omeri, Klement.},
  title = {Hands on Guide to Unit Testing with Pytest and Django},
  year = {2021},
  month = {4 Janvier},
  url = {https://klementomeri.medium.com/path-to-tight-sleep-with-test-automation-81916b567745},
}

@online{axopen2021docker,
  author = {{GEOFFROY, Lucas et MOURIER, Jonathan.}},
  title = {Docker – C’est quoi et pourquoi l’utiliser ? Concepts & Conteneurs},
  year = {2021},
  url = {https://www.axopen.com/blog/2021/03/docker-presentation-concepts-cles/},
}

@online{aleksic2022,
  author = {Marko, Aleksic.},
  year = {2022},
  month = {March 3},
  title = {Podman vs Docker: Everything You Need to Know},
  url = {https://phoenixnap.com/kb/podman-vs-docker#ftoc-heading-6},
}

@online{axopen,
  author = {{Corentin, Risselin.}},
  year = {2021},
  title = {Git : comprendre la gestion de versions},
  url = {https://www.axopen.com/blog/2017/02/git-comprendre-la-gestion-de-versions/},
}

@online{strauss2018,
  author = {Strauss Aina.},
  year = {2018},
  month = {19 Aoùt},
  title = {GitHub vs Bitbucket vs GitLab : une bataille épique pour l’esprit de développeur},
  url = {https://www.hebergeurcloud.com/github-vs-bitbucket-vs-gitlab-une-bataille-epique-pour-lesprit-de-developpeur/},
}

@article{obare2023,
  author = {Obare, Emmanuel.},
  year = {2023},
  title = {6 meilleurs outils de gestion de la configuration pour DevOps},
  url = {https://geekflare.com/fr/config-management-tools/},
}

@online{knowledgehut2023,
  author = {Sulaiman, Asif.},
  title = {Chef vs Ansible vs Puppet: Top DevOps Tools Compared},
  year = {2023},
  url = {https://www.knowledgehut.com/blog/devops/chef-vs-ansible-vs-puppet},
}

@online{Plu2019,
  author = {Plu, Clémence.},
  title = {Cloud et DevOps, opposés ou complémentaires?},
  year = {2019},
  month = {24 Juin},
  url = {https://www.padok.fr/blog/cloud-devops-complementaires},
  organization = {Padok},
}

@online{syloe2018,
  author = {BEKKALI, HATIM.},
  title = {5 questions à vous poser avant de migrer vers le cloud},
  year = {2018},
  month = {26 Octobre},
  url = {https://www.syloe.com/migrer-vers-le-cloud-questions/},
}

@online{Atlassia2,
  author = {Zettler, Kev.},
  title = {Qu’est-ce que le cloud computing ? Aperçu du cloud},
  year = {2023},
  url = {https://www.atlassian.com/fr/microservices/cloud-computing#:~:text=Le%20cloud%20computing%20est%20la,Internet%20(dans%20le%20cloud).},
}

@online{Ranger2022,
  author = {Ranger, Steve},
  title = {What is cloud computing? Everything you need to know about the cloud explained},
  year = {2022},
  month = {25 Février},
  url = {https://www.zdnet.com/article/what-is-cloud-computing-everything-you-need-to-know-about-the-cloud/},
}

@article{gil2023,
  author = {Gil, Laurent.},
  year = {2023},
  title = {Cloud Pricing Comparison: AWS vs. Azure vs. Google Cloud Platform in 2023},
  url = {https://cast.ai/blog/cloud-pricing-comparison-aws-vs-azure-vs-google-cloud-platform/},
}

@misc{appvizer2018,
  author = {{Paupier, Fabien}},
  year = {2018},
  title = {Django : Le framework Python Open Source des Dev Ops - Avis et prix},
  howpublished = {\url{https://www.appvizer.fr/services-informatiques/framework/django}}
}

@online{devglan2021,
  title = {Best Django Blog Articles from around the web},
  author = {Rai, Nivedita},
  year = {2021},
  url = {https://www.devglan.com/programming/django-article-feeds}
}
@online{educba2023,
  title = {What is Visual Studio Code? Practical Guide},
  author = {{Pedamkar,Priya}},
  year = {2023},
  url = {https://www.educba.com/what-is-visual-studio-code/}
}

@online{chuvardynskyi2019,
  author = {Chuvardynskyi, Dmytro},
  title = {Testing Your Django App With Pytest},
  year = {2019},
  month = Novembre,
  day = 25,
  url = {https://djangostars.com/blog/django-pytest-testing/}
}

@online{crochet-damais2019,
  author = {Crochet-Damais, Antoine},
  title = {Docker: définition, Docker Compose, Docker Hub, Docker Swarm...},
  year = {2019},
  month = September,
  day = 2,
  url = {https://www.journaldunet.fr/web-tech/guide-de-l-entreprise-digitale/1146290-docker-definition-docker-compose-docker-hub-docker-swarm-160919/}
}

@online{sridhar2018,
  author = {Sridhar, Aditya},
  title = {An introduction to Git: what it is, and how to use it},
  year = {2018},
  month = August,
  day = 12,
  url = {https://www.freecodecamp.org/news/what-is-git-and-how-to-use-it-c341b049ae61/}
}

@online{lutkevich-courtemanche2023,
  author = {Lutkevich, Ben et Courtemanche, Meredith},
  title = {GitHub},
  year = {2023},
  howpublished = {IT Operations; TechTarget},
  url = {https://www.techtarget.com/searchitoperations/definition/GitHub}
}

@online{openclassrooms2021,
  author = {{Domont, Alexandre}},
  title = {Utilisez Ansible pour automatiser vos tâches de configuration},
  year = {2021},
  howpublished = {OpenClassrooms},
  url = {https://openclassrooms.com/fr/courses/2035796-utilisez-ansible-pour-automatiser-vos-taches-de-configuration}
}

@online{barney-gillis2022,
  author = { Barney, Nick et Gillis, Alexander},
  title = {Amazon Web Services (AWS)},
  year = {2022},
  howpublished = {SearchAWS; TechTarget},
  url = {https://www.techtarget.com/searchaws/definition/Amazon-Web-Services}
}

@online{shweta2023,
  author = { Bottorff, Cassie},
  title = {Jira Review 2023: Project Management Tool For Agile Teams},
  year = {2023},
  month = September,
  day = 10,
  url = {https://www.forbes.com/advisor/business/software/jira-review/}
}






























‌






























‌